<record xmlns="http://www.loc.gov/MARC21/slim" xmlns:xsi="http://www.w3.org/2001/XMLSchema-instance" xsi:schemaLocation="http://www.loc.gov/MARC21/slim http://www.loc.gov/standards/marcxml/schema/MARC21slim.xsd"><leader>     nam a22        4500</leader><controlfield tag="001">6580756</controlfield><controlfield tag="003">NIC</controlfield><controlfield tag="006">m        d        </controlfield><controlfield tag="007">cr cn |||m|||a</controlfield><controlfield tag="008">150316s1933    ua      oi    001 0 ara c</controlfield><datafield ind1=" " ind2=" " tag="020"><subfield code="z">9773002055</subfield></datafield><datafield ind1=" " ind2=" " tag="020"><subfield code="z">9789773002053</subfield></datafield><datafield ind1=" " ind2=" " tag="040"><subfield code="a">NNU</subfield><subfield code="b">eng</subfield><subfield code="c">NNU</subfield></datafield><datafield ind1="1" ind2=" " tag="041"><subfield code="a">ara</subfield><subfield code="h">eng</subfield></datafield><datafield ind1=" " ind2="4" tag="050"><subfield code="a">BP135</subfield><subfield code="b">.W412 2007</subfield></datafield><datafield ind1="1" ind2=" " tag="100"><subfield code="a">Wensinck, A. J.</subfield><subfield code="q">(Arent Jan),</subfield><subfield code="d">1882-1939.</subfield></datafield><datafield ind1="1" ind2="0" tag="240"><subfield code="a">Handbook of early Muhammadan tradition.</subfield><subfield code="l">Arabic</subfield></datafield><datafield ind1="1" ind2="0" tag="245"><subfield code="a">Mifta&#772;h&#803; kunu&#772;z al-sunnah</subfield><subfield code="h">[electronic resource] /</subfield><subfield code="c">Wad&#803;a&#699;ahu bi-al-lughah al-Inkili&#772;zi&#772;yah A.Y. Finsink ; wa-naqalahu ila&#769; al-lughah al-&#699;Arabi&#772;yah Muh&#803;ammad Fu&#700;a&#772;d &#699;Abd al-Ba&#772;qi&#772;.</subfield></datafield><datafield ind1=" " ind2=" " tag="260"><subfield code="a">[Cairo] :</subfield><subfield code="b">Lajnat Tarjamat Da&#772;' irat al-Ma'a&#772;rif al-Isla&#772;mi&#772;yah,</subfield><subfield code="c">2007.</subfield></datafield><datafield ind1=" " ind2=" " tag="300"><subfield code="a">online resource (544 p.)</subfield></datafield><datafield ind1=" " ind2=" " tag="500"><subfield code="a">Part of the Arabic Collections Online (ACO) project, contributed by Cornell University Libraries.</subfield></datafield><datafield ind1=" " ind2=" " tag="533"><subfield code="a">Electronic reproduction.</subfield><subfield code="b">New York, N.Y. :</subfield><subfield code="c">New York University,</subfield><subfield code="d">2015.</subfield><subfield code="5">NNU</subfield></datafield><datafield ind1=" " ind2="0" tag="650"><subfield code="a">Hadith</subfield><subfield code="v">Indexes.</subfield></datafield><datafield ind1=" " ind2="7" tag="650"><subfield code="a">Hadith.</subfield><subfield code="2">fast</subfield><subfield code="0">(OCoLC)fst00950112</subfield></datafield><datafield ind1=" " ind2="7" tag="655"><subfield code="a">Indexes.</subfield><subfield code="2">fast</subfield><subfield code="0">(OCoLC)fst01423761</subfield></datafield><datafield ind1="1" ind2=" " tag="700"><subfield code="a">&#699;Abd al-Ba&#772;qi&#772;, Muh&#803;ammad Fu&#700;a&#772;d.</subfield></datafield><datafield ind1="2" ind2=" " tag="710"><subfield code="a">Cornell University.</subfield><subfield code="b">Libraries.</subfield></datafield><datafield ind1="0" ind2=" " tag="730"><subfield code="a">Arabic Collections Online.</subfield></datafield><datafield ind1="0" ind2="8" tag="776"><subfield code="i">Print version:</subfield><subfield code="a">Wensinck, A. J. (Arent Jan), 1882-1939.</subfield><subfield code="t">Mifta&#772;h&#803; kunu&#772;z al-sunnah</subfield><subfield code="w">(NIC)6580756</subfield><subfield code="w">(OCoLC)321037157</subfield><subfield code="z">9773002055</subfield><subfield code="z">9789773002053</subfield></datafield><datafield ind1="4" ind2="0" tag="856"><subfield code="u">http://hdl.handle.net/2333.1/sj3txcms</subfield></datafield><datafield ind1=" " ind2=" " tag="959"><subfield code="a">NNU</subfield><subfield code="b">WEB</subfield><subfield code="c">GENI</subfield><subfield code="t">0</subfield><subfield code="m">Electronic access</subfield><subfield code="s">01</subfield></datafield><datafield ind1=" " ind2=" " tag="999"><subfield code="i">NIC_6580756</subfield><subfield code="o">(OCoLC)ocn321037157</subfield><subfield code="s">cornell_aco000267</subfield><subfield code="e">(ERROR-880)</subfield></datafield></record>